<record><leader>00000cas a2200000   4500</leader><controlfield tag="001">4168551</controlfield><controlfield tag="008">780825c19uu9999njuwn ne      0   a0eng d</controlfield><controlfield tag="009">467</controlfield><datafield ind1=" " ind2=" " tag="010"><subfield code="a">sn 78005212 </subfield></datafield><datafield ind1=" " ind2=" " tag="040"><subfield code="a">NSD</subfield><subfield code="b">eng</subfield><subfield code="c">NSD</subfield><subfield code="d">OCL</subfield><subfield code="d">OCLCQ</subfield></datafield><datafield ind1=" " ind2=" " tag="012"><subfield code="k">1</subfield><subfield code="m">1</subfield></datafield><datafield ind1="1" ind2=" " tag="022"><subfield code="a">0048-2404</subfield><subfield code="l">0048-2404</subfield><subfield code="2">1</subfield></datafield><datafield ind1=" " ind2=" " tag="032"><subfield code="a">415120</subfield><subfield code="b">USPS</subfield></datafield><datafield ind1=" " ind2=" " tag="042"><subfield code="a">nsdp</subfield></datafield><datafield ind1=" " ind2="0" tag="222"><subfield code="a">Our town</subfield><subfield code="b">(Maywood, N.J.)</subfield></datafield><datafield ind1="0" ind2="0" tag="245"><subfield code="a">Our town.</subfield></datafield><datafield ind1=" " ind2=" " tag="260"><subfield code="a">Maywood, N.J.,</subfield><subfield code="b">Our Town, inc.</subfield></datafield><datafield ind1=" " ind2=" " tag="310"><subfield code="a">Weekly (except one week during the summer)</subfield></datafield><datafield ind1=" " ind2=" " tag="936"><subfield code="a">INC</subfield><subfield code="a">Sept. 3, 1981 (surrogate)</subfield></datafield></record>